@misc{ref:scene,
    title={Inglourious Basterds - Bar Scene},
    year={2009},
    publisher={YouTube},
    howpublished={\url{https://www.youtube.com/watch?v=86Ckh80mLlQ}},
    note={accessed 2017-10-01}
}
