@misc{ref:treasure-planet,
    title={Treasure Planet},
    year={2003},
    publisher={IMDb},
    howpublished={\url{http://www.imdb.com/title/tt0133240/}},
    note={accessed 2017-10-29}
}
@misc{ref:heros-journey,
    title={Hero's Journey},
    publisher={Wikipedia},
    howpublished={\url{https://en.wikipedia.org/wiki/Hero\%27s_journey}},
    note={accessed 2017-10-29}
}
