@misc{ref:scene,
    title={One Last Shot - The Deer Hunter (7/8) Movie CLIP (1978) HD},
    year={1978},
    publisher={YouTube},
    howpublished={\url{https://youtu.be/OuGSXflBoWU}},
    note={accessed 2017-09-22}
}
