@misc{ref:scene,
    title={Memento Scene - Never answer the phone},
    year={2000},
    publisher={YouTube},
    howpublished={\url{https://www.youtube.com/watch?v=ZSgiVutQ2JQ}},
    note={accessed 2017-10-07}
}
